@article{hansen2021stabilizing,
      title={Stabilizing Deep Q-Learning with ConvNets and Vision Transformers under Data Augmentation},
      author={Nicklas Hansen and Hao Su and Xiaolong Wang},
      year={2021},
      eprint={2107.00644},
      archivePrefix={arXiv},
      primaryClass={cs.LG}
}
@article{tunyasuvunakool2020,
     title = {\dmcontrol: Software and tasks for continuous control},
     journal = {Software Impacts},
     volume = {6},
     pages = {100022},
     year = {2020},
     issn = {2665-9638},
     doi = {https://doi.org/10.1016/j.simpa.2020.100022},
     url = {https://www.sciencedirect.com/science/article/pii/S2665963820300099},
     author = {Saran Tunyasuvunakool and Alistair Muldal and Yotam Doron and
               Siqi Liu and Steven Bohez and Josh Merel and Tom Erez and
               Timothy Lillicrap and Nicolas Heess and Yuval Tassa},
}
@article{stone2021distracting,
      title={The Distracting Control Suite -- A Challenging Benchmark for Reinforcement Learning from Pixels}, 
      author={Austin Stone and Oscar Ramirez and Kurt Konolige and Rico Jonschkowski},
      year={2021},
      journal={arXiv preprint arXiv:2101.02722},
}
@inproceedings{hansen2021softda,
      title={Generalization in Reinforcement Learning by Soft Data Augmentation},
      author={Nicklas Hansen and Xiaolong Wang},
      booktitle={International Conference on Robotics and Automation},
      year={2021},
}